@article{einstein1935can,
  title={Can quantum-mechanical description of physical reality be considered complete?},
  author={Einstein, Albert and Podolsky, Boris and Rosen, Nathan},
  journal={Physical Review},
  volume={47},
  number={10},
  pages={777},
  year={1935},
  publisher={APS}
} 
@article{chen2011detecting,
   title = {Detecting full $N$-particle entanglement in arbitrarily-high-dimensional systems with Bell-type inequalities},
  author = {Chen, Jing-Ling and Deng, Dong-Ling and Su, Hong-Yi and Wu, Chunfeng and Oh, C. H.},
  journal = {Phys. Rev. A},
  volume = {83},
  issue = {2},
  pages = {022316},
  numpages = {6},
  year = {2011},
  month = {Feb},
  publisher = {American Physical Society},
  doi = {10.1103/PhysRevA.83.022316},
  url = {https://link.aps.org/doi/10.1103/PhysRevA.83.022316}
}
@article{bell1964einstein,
      author         = {Bell, J. S.},
      title          = "On the Einstein-Podolsky-Rosen paradox",
      journal        = {Physics},
      volume         = {1},
      year           = {1964},
      pages          = {195-200},
      reportNumber   = {RX-1376},
      SLACcitation   = {%%CITATION = PYCSA,1,195;%%}
}
@article{bell1966problem,
  title = {On the Problem of Hidden Variables in Quantum Mechanics},
  author = {Bell, John S.},
  journal = {Rev. Mod. Phys.},
  volume = {38},
  issue = {3},
  pages = {447--452},
  numpages = {0},
  year = {1966},
  month = {Jul},
  publisher = {American Physical Society},
  doi = {10.1103/RevModPhys.38.447},
  url = {https://link.aps.org/doi/10.1103/RevModPhys.38.447}
}
@article{brunner2014bell,
  title = {Bell nonlocality},
  author = {Brunner, Nicolas and Cavalcanti, Daniel and Pironio, Stefano and Scarani, Valerio and Wehner, Stephanie},
  journal = {Rev. Mod. Phys.},
  volume = {86},
  issue = {2},
  pages = {419--478},
  numpages = {60},
  year = {2014},
  month = {Apr},
  publisher = {American Physical Society},
  doi = {10.1103/RevModPhys.86.419},
  url = {https://link.aps.org/doi/10.1103/RevModPhys.86.419}
}
@article{clauser1969proposed,
    title = {Proposed Experiment to Test Local Hidden-Variable Theories},
  author = {Clauser, John F. and Horne, Michael A. and Shimony, Abner and Holt, Richard A.},
  journal = {Phys. Rev. Lett.},
  volume = {23},
  issue = {15},
  pages = {880--884},
  numpages = {0},
  year = {1969},
  month = {Oct},
  publisher = {American Physical Society},
  doi = {10.1103/PhysRevLett.23.880},
  url = {https://link.aps.org/doi/10.1103/PhysRevLett.23.880}
}
@article{mermin1990extreme,
   title = {Extreme quantum entanglement in a superposition of macroscopically distinct states},
  author = {Mermin, N. David},
  journal = {Phys. Rev. Lett.},
  volume = {65},
  issue = {15},
  pages = {1838--1840},
  numpages = {0},
  year = {1990},
  month = {Oct},
  publisher = {American Physical Society},
  doi = {10.1103/PhysRevLett.65.1838},
  url = {https://link.aps.org/doi/10.1103/PhysRevLett.65.1838}
}

@article{ardehali1992bell,
  title = {Bell inequalities with a magnitude of violation that grows exponentially with the number of particles},
  author = {Ardehali, M.},
  journal = {Phys. Rev. A},
  volume = {46},
  issue = {9},
  pages = {5375--5378},
  numpages = {0},
  year = {1992},
  month = {Nov},
  publisher = {American Physical Society},
  doi = {10.1103/PhysRevA.46.5375},
  url = {https://link.aps.org/doi/10.1103/PhysRevA.46.5375}
}
@article{collins2002bell,
   title = {Bell-Type Inequalities to Detect True $\mathit{n}$-Body Nonseparability},
  author = {Collins, Daniel and Gisin, Nicolas and Popescu, Sandu and Roberts, David and Scarani, Valerio},
  journal = {Phys. Rev. Lett.},
  volume = {88},
  issue = {17},
  pages = {170405},
  numpages = {4},
  year = {2002},
  month = {Apr},
  publisher = {American Physical Society},
  doi = {10.1103/PhysRevLett.88.170405},
  url = {https://link.aps.org/doi/10.1103/PhysRevLett.88.170405}
}
@article{seevinck2002bell,
  title = {Bell-Type Inequalities for Partial Separability in $N$-Particle Systems and Quantum Mechanical Violations},
  author = {Seevinck, Michael and Svetlichny, George},
  journal = {Phys. Rev. Lett.},
  volume = {89},
  issue = {6},
  pages = {060401},
  numpages = {4},
  year = {2002},
  month = {Jul},
  publisher = {American Physical Society},
  doi = {10.1103/PhysRevLett.89.060401},
  url = {https://link.aps.org/doi/10.1103/PhysRevLett.89.060401}
}
@article{cereceda2002three,
  title = {Three-particle entanglement versus three-particle nonlocality},
  author = {Cereceda, Jos\'e L.},
  journal = {Phys. Rev. A},
  volume = {66},
  issue = {2},
  pages = {024102},
  numpages = {4},
  year = {2002},
  month = {Aug},
  publisher = {American Physical Society},
  doi = {10.1103/PhysRevA.66.024102},
  url = {https://link.aps.org/doi/10.1103/PhysRevA.66.024102}
}
@article{mitchell2004conditions,
  title = {Conditions for the confirmation of three-particle nonlocality},
  author = {Mitchell, Peter and Popescu, Sandu and Roberts, David},
  journal = {Phys. Rev. A},
  volume = {70},
  issue = {6},
  pages = {060101},
  numpages = {4},
  year = {2004},
  month = {Dec},
  publisher = {American Physical Society},
  doi = {10.1103/PhysRevA.70.060101},
  url = {https://link.aps.org/doi/10.1103/PhysRevA.70.060101}
}
@article{ghose2009tripartite,
  title = {Tripartite Entanglement versus Tripartite Nonlocality in Three-Qubit Greenberger-Horne-Zeilinger-Class States},
  author = {Ghose, S. and Sinclair, N. and Debnath, S. and Rungta, P. and Stock, R.},
  journal = {Phys. Rev. Lett.},
  volume = {102},
  issue = {25},
  pages = {250404},
  numpages = {4},
  year = {2009},
  month = {Jun},
  publisher = {American Physical Society},
  doi = {10.1103/PhysRevLett.102.250404},
  url = {https://link.aps.org/doi/10.1103/PhysRevLett.102.250404}
}
@article{almeida2010multipartite,
  title = {Multipartite fully nonlocal quantum states},
  author = {Almeida, Mafalda L. and Cavalcanti, Daniel and Scarani, Valerio and Ac\'{\i}n, Antonio},
  journal = {Phys. Rev. A},
  volume = {81},
  issue = {5},
  pages = {052111},
  numpages = {4},
  year = {2010},
  month = {May},
  publisher = {American Physical Society},
  doi = {10.1103/PhysRevA.81.052111},
  url = {https://link.aps.org/doi/10.1103/PhysRevA.81.052111}
}
@article{jones2005extent,
  title = {Extent of multiparticle quantum nonlocality},
  author = {Jones, Nick S. and Linden, Noah and Massar, Serge},
  journal = {Phys. Rev. A},
  volume = {71},
  issue = {4},
  pages = {042329},
  numpages = {10},
  year = {2005},
  month = {Apr},
  publisher = {American Physical Society},
  doi = {10.1103/PhysRevA.71.042329},
  url = {https://link.aps.org/doi/10.1103/PhysRevA.71.042329}
}

@article{wehner2006tsirelson,
  title = {Tsirelson bounds for generalized Clauser-Horne-Shimony-Holt inequalities},
  author = {Wehner, Stephanie},
  journal = {Phys. Rev. A},
  volume = {73},
  issue = {2},
  pages = {022110},
  numpages = {5},
  year = {2006},
  month = {Feb},
  publisher = {American Physical Society},
  doi = {10.1103/PhysRevA.73.022110},
  url = {https://link.aps.org/doi/10.1103/PhysRevA.73.022110}
}
@article{vandenberghe1996semidefinite,
  title={Semidefinite programming},
  author={Vandenberghe, Lieven and Boyd, Stephen},
  journal={SIAM Review},
  volume={38},
  number={1},
  pages={49--95},
  year={1996},
  publisher={SIAM}
}
@article{liang2007bounds,
  title = {Bounds on quantum correlations in Bell-inequality experiments},
  author = {Liang, Yeong-Cherng and Doherty, Andrew C.},
  journal = {Phys. Rev. A},
  volume = {75},
  issue = {4},
  pages = {042103},
  numpages = {13},
  year = {2007},
  month = {Apr},
  publisher = {American Physical Society},
  doi = {10.1103/PhysRevA.75.042103},
  url = {https://link.aps.org/doi/10.1103/PhysRevA.75.042103}
}
@inproceedings{doherty2008quantum,
  title={The quantum moment problem and bounds on entangled multi-prover games},
  author={Doherty, Andrew C and Liang, Yeong-Cherng and Toner, Ben and Wehner, Stephanie},
  booktitle={Computational Complexity, 2008. CCC'08. 23rd Annual IEEE Conference on},
  pages={199--210},
  year={2008},
  organization={IEEE}
}

@article{freedman1972experimental,
   title = {Experimental Test of Local Hidden-Variable Theories},
  author = {Freedman, Stuart J. and Clauser, John F.},
  journal = {Phys. Rev. Lett.},
  volume = {28},
  issue = {14},
  pages = {938--941},
  numpages = {0},
  year = {1972},
  month = {Apr},
  publisher = {American Physical Society},
  doi = {10.1103/PhysRevLett.28.938},
  url = {https://link.aps.org/doi/10.1103/PhysRevLett.28.938}
}

@article{svetlichny1987distinguishing,
  title = {Distinguishing three-body from two-body nonseparability by a Bell-type inequality},
  author = {Svetlichny, George},
  journal = {Phys. Rev. D},
  volume = {35},
  issue = {10},
  pages = {3066--3069},
  numpages = {0},
  year = {1987},
  month = {May},
  publisher = {American Physical Society},
  doi = {10.1103/PhysRevD.35.3066},
  url = {https://link.aps.org/doi/10.1103/PhysRevD.35.3066}
}

@article{pironio2011extremal,
  author={Stefano Pironio and Jean-Daniel Bancal and Valerio Scarani},
  title={Extremal correlations of the tripartite no-signaling polytope},
  journal={Journal of Physics A: Mathematical and Theoretical},
  volume={44},
  number={6},
  pages={065303},
  url={http://stacks.iop.org/1751-8121/44/i=6/a=065303},
  year={2011}
}

@incollection{acin2016guess,
  title={Guess your neighbourâ€™s input: no quantum advantage but an advantage for quantum theory},
  author={Ac{\'\i}n, Antonio and Almeida, Mafalda L and Augusiak, Remigiusz and Brunner, Nicolas},
  booktitle={Quantum Theory: Informational Foundations and Foils},
  pages={465--496},
  year={2016},
  publisher={Springer}
}
@article{bancal2011definition,
  author = {Bancal, Jean-Daniel and Barrett, Jonathan and Gisin, Nicolas and Pironio, Stefano},
  journal = {Phys. Rev. A},
  volume = {88},
  issue = {1},
  pages = {014102},
  numpages = {5},
  year = {2013},
  month = {Jul},
  publisher = {American Physical Society},
  doi = {10.1103/PhysRevA.88.014102},
  url = {https://link.aps.org/doi/10.1103/PhysRevA.88.014102}
}
 @article{bancal2011detecting,
  title = {Detecting Genuine Multipartite Quantum Nonlocality: A Simple Approach and Generalization to Arbitrary Dimensions},
  author = {Bancal, Jean-Daniel and Brunner, Nicolas and Gisin, Nicolas and Liang, Yeong-Cherng},
  journal = {Phys. Rev. Lett.},
  volume = {106},
  issue = {2},
  pages = {020405},
  numpages = {4},
  year = {2011},
  month = {Jan},
  publisher = {American Physical Society},
  doi = {10.1103/PhysRevLett.106.020405},
  url = {https://link.aps.org/doi/10.1103/PhysRevLett.106.020405}
}
@article{navascues2008convergent,
  author={Miguel NavascuÃ©s and Stefano Pironio and Antonio AcÃ­n},
  title={A convergent hierarchy of semidefinite programs characterizing the set of quantum correlations},
  journal={New Journal of Physics},
  volume={10},
  number={7},
  pages={073013},
  url={http://stacks.iop.org/1367-2630/10/i=7/a=073013},
  year={2008}
}
	@article{scarani2013device,
  title={The device-independent outlook on quantum physics},
  author={Scarani, Valerio},
  journal={Acta Physica Slovaca},
  volume={62},
  number={4},
  pages={347--409},
  year={2012}
}
@article{mermin1980quantum,
   title = {Quantum mechanics vs local realism near the classical limit: A Bell inequality for spin $s$},
  author = {Mermin, N. D.},
  journal = {Phys. Rev. D},
  volume = {22},
  issue = {2},
  pages = {356--361},
  numpages = {0},
  year = {1980},
  month = {Jul},
  publisher = {American Physical Society},
  doi = {10.1103/PhysRevD.22.356},
  url = {https://link.aps.org/doi/10.1103/PhysRevD.22.356}
}
@article{gallego2012operational,
  title = {Operational Framework for Nonlocality},
  author = {Gallego, Rodrigo and W\"urflinger, Lars Erik and Ac\'{\i}n, Antonio and Navascu\'es, Miguel},
  journal = {Phys. Rev. Lett.},
  volume = {109},
  issue = {7},
  pages = {070401},
  numpages = {5},
  year = {2012},
  month = {Aug},
  publisher = {American Physical Society},
  doi = {10.1103/PhysRevLett.109.070401},
  url = {https://link.aps.org/doi/10.1103/PhysRevLett.109.070401}
}

@article{grangier1986experimental,
  author={P. Grangier and G. Roger and A. Aspect},
  title={Experimental Evidence for a Photon Anticorrelation Effect on a Beam Splitter: A New Light on Single-Photon Interferences},
  journal={EPL (Europhysics Letters)},
  volume={1},
  number={4},
  pages={173},
  url={http://stacks.iop.org/0295-5075/1/i=4/a=004},
  year={1986},
}
	
@article{aspect198291,
  title = {Experimental Realization of Einstein-Podolsky-Rosen-Bohm Gedankenexperiment: A New Violation of Bell's Inequalities},
  author = {Aspect, Alain and Grangier, Philippe and Roger, G\'erard},
  journal = {Phys. Rev. Lett.},
  volume = {49},
  issue = {2},
  pages = {91--94},
  numpages = {0},
  year = {1982},
  month = {Jul},
  publisher = {American Physical Society},
  doi = {10.1103/PhysRevLett.49.91},
  url = {https://link.aps.org/doi/10.1103/PhysRevLett.49.91}
}
@article{tittel1998violation,
  title = {Violation of Bell Inequalities by Photons More Than 10 km Apart},
  author = {Tittel, W. and Brendel, J. and Zbinden, H. and Gisin, N.},
  journal = {Phys. Rev. Lett.},
  volume = {81},
  issue = {17},
  pages = {3563--3566},
  numpages = {0},
  year = {1998},
  month = {Oct},
  publisher = {American Physical Society},
  doi = {10.1103/PhysRevLett.81.3563},
  url = {https://link.aps.org/doi/10.1103/PhysRevLett.81.3563}
}
@article{weihs1998violation,
  title = {Violation of Bell's Inequality under Strict Einstein Locality Conditions},
  author = {Weihs, Gregor and Jennewein, Thomas and Simon, Christoph and Weinfurter, Harald and Zeilinger, Anton},
  journal = {Phys. Rev. Lett.},
  volume = {81},
  issue = {23},
  pages = {5039--5043},
  numpages = {0},
  year = {1998},
  month = {Dec},
  publisher = {American Physical Society},
  doi = {10.1103/PhysRevLett.81.5039},
  url = {https://link.aps.org/doi/10.1103/PhysRevLett.81.5039}
}
@inproceedings{cleve2004consequences,
  title={Consequences and limits of nonlocal strategies},
  author={Cleve, Richard and H{\o}yer, Peter and Toner, Benjamin and Watrous, John},
  booktitle={Computational Complexity, 2004. Proceedings. 19th IEEE Annual Conference on},
  pages={236--249},
  year={2004},
  organization={IEEE}
}
@article{briet2013explicit,
  title={Explicit lower and upper bounds on the entangled value of multiplayer XOR games},
  author={Bri{\"e}t, Jop and Vidick, Thomas},
  journal={Communications in Mathematical Physics},
  volume={321},
  number={1},
  pages={181--207},
  year={2013},
  publisher={Springer}
}
@article{bancal2011device,
   title = {Device-Independent Witnesses of Genuine Multipartite Entanglement},
  author = {Bancal, Jean-Daniel and Gisin, Nicolas and Liang, Yeong-Cherng and Pironio, Stefano},
  journal = {Phys. Rev. Lett.},
  volume = {106},
  issue = {25},
  pages = {250404},
  numpages = {4},
  year = {2011},
  month = {Jun},
  publisher = {American Physical Society},
  doi = {10.1103/PhysRevLett.106.250404},
  url = {https://link.aps.org/doi/10.1103/PhysRevLett.106.250404}
}
@article{horodecki1996teleportation,
 title = "Teleportation, Bell's inequalities and inseparability",
 journal = "Physics Letters A",
 volume = "222",
 number = "1",
 pages = "21 - 25",
 year = "1996",
 note = "",
 issn = "0375-9601",
 doi = "http://dx.doi.org/10.1016/0375-9601(96)00639-1",
 url = "http://www.sciencedirect.com/science/article/pii/0375960196006391",
 author = "Ryszard Horodecki and MichaÅ‚ Horodecki and PaweÅ‚ Horodecki",
}
@article{chakrabarty2011deletion,
 author = {Chakrabarty, Indranil and Ganguly, Nirman and Choudhury, Binayak S.},
 title = {Deletion, Bell's Inequality, Teleportation},
 journal = {Quantum Information Processing},
 issue_date = {February  2011},
 volume = {10},
 number = {1},
 month = feb,
 year = {2011},
 issn = {1570-0755},
 pages = {27--32},
 numpages = {6},
 url = {http://dx.doi.org/10.1007/s11128-010-0167-0},
 doi = {10.1007/s11128-010-0167-0},
 acmid = {1938068},
 publisher = {Kluwer Academic Publishers},
 address = {Hingham, MA, USA},
 keywords = {Deletion, Fidelity, Peres-Horodecki criterion},
} 
@article{heisenberg1927anschaulichen,
  title={{\"U}ber den anschaulichen Inhalt der quantentheoretischen Kinematik und Mechanik},
  author={Heisenberg, Werner},
  journal={Zeitschrift f{\"u}r Physik},
  volume={43},
  number={3-4},
  pages={172--198},
  year={1927},
  publisher={Springer}
}
@article{adhikari2008quantum,
  author={S Adhikari and N Ganguly and I Chakrabarty and B S Choudhury},
  title={Quantum cloning, Bell's inequality and teleportation},
  journal={Journal of Physics A: Mathematical and Theoretical},
  volume={41},
  number={41},
  pages={415302},
  url={http://stacks.iop.org/1751-8121/41/i=41/a=415302},
  year={2008},
 }
	
@article{pandya2016complementarity,
   title = {Complementarity between tripartite quantum correlation and bipartite Bell-inequality violation in three-qubit states},
  author = {Pandya, Palash and Misra, Avijit and Chakrabarty, Indranil},
  journal = {Phys. Rev. A},
  volume = {94},
  issue = {5},
  pages = {052126},
  numpages = {11},
  year = {2016},
  month = {Nov},
  publisher = {American Physical Society},
  doi = {10.1103/PhysRevA.94.052126},
  url = {https://link.aps.org/doi/10.1103/PhysRevA.94.052126}
}
@inproceedings{condon1989complexity,
  title={On the complexity of space bounded interactive proofs},
  author={Condon, Anne and Lipton, Richard J},
  booktitle={Foundations of Computer Science, 1989., 30th Annual Symposium on},
  pages={462--467},
  year={1989},
  organization={IEEE}
}
@book{bohr1934atomic,
  title={Atomic Theory and the Description of Nature: Four Essays},
  author={Bohr, Niels},
  volume={1},
  year={1934},
  publisher={CUP Archive}
}
@article{barrett2005nonlocal,
  title = {Nonlocal correlations as an information-theoretic resource},
  author = {Barrett, Jonathan and Linden, Noah and Massar, Serge and Pironio, Stefano and Popescu, Sandu and Roberts, David},
  journal = {Phys. Rev. A},
  volume = {71},
  issue = {2},
  pages = {022101},
  numpages = {11},
  year = {2005},
  month = {Feb},
  publisher = {American Physical Society},
  doi = {10.1103/PhysRevA.71.022101},
  url = {https://link.aps.org/doi/10.1103/PhysRevA.71.022101}
}
@article{barrett2005popescu,
  title = {Popescu-Rohrlich Correlations as a Unit of Nonlocality},
  author = {Barrett, Jonathan and Pironio, Stefano},
  journal = {Phys. Rev. Lett.},
  volume = {95},
  issue = {14},
  pages = {140401},
  numpages = {4},
  year = {2005},
  month = {Sep},
  publisher = {American Physical Society},
  doi = {10.1103/PhysRevLett.95.140401},
  url = {https://link.aps.org/doi/10.1103/PhysRevLett.95.140401}
}
@article{pawlowski2009information,
  title={Information causality as a physical principle},
  author={Paw{\l}owski, Marcin and Paterek, Tomasz and Kaszlikowski, Dagomir and Scarani, Valerio and Winter, Andreas and {\.Z}ukowski, Marek},
  journal={Nature},
  volume={461},
  number={7267},
  pages={1101--1104},
  year={2009},
  publisher={Nature Publishing Group}
}

@article{chakrabarty2014ctc,
  author    = {Indranil Chakrabarty and
               Tanumoy Pramanik and
               Arun K. Pati and
               Pankaj Agrawal},
  title     = {{CTC} assisted {PR} box type correlation can lead to signaling},
  journal   = {Quantum Information {\&} Computation},
  volume    = {14},
  number    = {13-14},
  pages     = {1251--1260},
  year      = {2014},
  url       = {http://www.rintonpress.com/xxqic14/qic-14-1314/1251-1260.pdf},
  timestamp = {Wed, 17 Dec 2014 17:01:47 +0100},
  biburl    = {http://dblp2.uni-trier.de/rec/bib/journals/qic/ChakrabartyPPA14},
  bibsource = {dblp computer science bibliography, http://dblp.org}
}
@article{sazim2015complementarity,
  title = {Complementarity of quantum correlations in cloning and deleting of quantum states},
  author = {Sazim, Sk and Chakrabarty, Indranil and Dutta, Annwesha and Pati, Arun K.},
  journal = {Phys. Rev. A},
  volume = {91},
  issue = {6},
  pages = {062311},
  numpages = {11},
  year = {2015},
  month = {Jun},
  publisher = {American Physical Society},
  doi = {10.1103/PhysRevA.91.062311},
  url = {https://link.aps.org/doi/10.1103/PhysRevA.91.062311}
}
@article{bohm1966proposed,
  title = {A Proposed Solution of the Measurement Problem in Quantum Mechanics by a Hidden Variable Theory},
  author = {BOHM, D. and BUB, J.},
  journal = {Rev. Mod. Phys.},
  volume = {38},
  issue = {3},
  pages = {453--469},
  numpages = {0},
  year = {1966},
  month = {Jul},
  publisher = {American Physical Society},
  doi = {10.1103/RevModPhys.38.453},
  url = {https://link.aps.org/doi/10.1103/RevModPhys.38.453}
}
@article{bohm1952suggested,
  title = {A Suggested Interpretation of the Quantum Theory in Terms of "Hidden" Variables. I},
  author = {Bohm, David},
  journal = {Phys. Rev.},
  volume = {85},
  issue = {2},
  pages = {166--179},
  numpages = {0},
  year = {1952},
  month = {Jan},
  publisher = {American Physical Society},
  doi = {10.1103/PhysRev.85.166},
  url = {https://link.aps.org/doi/10.1103/PhysRev.85.166}
}
@article{kurakin2004toy,
  title={Toy quantum mechanics using hidden variables},
  author={Kurakin, Pavel V and Malinetskii, George G},
  journal={Discrete Dynamics in Nature and Society},
  volume={2},
  number={2004},
  pages={357--361},
  year={2004},
  publisher={Hindawi Publishing Corporation}
}
@article{clauser1978bell,
  author={J F Clauser and A Shimony},
  title={Bell's theorem. Experimental tests and implications},
  journal={Reports on Progress in Physics},
  volume={41},
  number={12},
  pages={1881},
  url={http://stacks.iop.org/0034-4885/41/i=12/a=002},
  year={1978}
}
	
@article{aspect1982experimental,
  title = {Experimental Realization of Einstein-Podolsky-Rosen-Bohm Gedankenexperiment: A New Violation of Bell's Inequalities},
  author = {Aspect, Alain and Grangier, Philippe and Roger, G\'erard},
  journal = {Phys. Rev. Lett.},
  volume = {49},
  issue = {2},
  pages = {91--94},
  numpages = {0},
  year = {1982},
  month = {Jul},
  publisher = {American Physical Society},
  doi = {10.1103/PhysRevLett.49.91},
  url = {https://link.aps.org/doi/10.1103/PhysRevLett.49.91}
}
@article{chaturvedi2015measurement,
  author={Anubhav Chaturvedi and Manik Banik},
  title={Measurement-deviceâ€“independent randomness from local entangled states},
  journal={EPL (Europhysics Letters)},
  volume={112},
  number={3},
  pages={30003},
  url={http://stacks.iop.org/0295-5075/112/i=3/a=30003},
  year={2015},
}
	
@article{hensen2016loophole,
  title={Loophole-free Bell test using electron spins in diamond: second experiment and additional analysis},
  author={Hensen, B and Kalb, N and Blok, MS and Dr{\'e}au, AE and Reiserer, A and Vermeulen, RFL and Schouten, RN and Markham, M and Twitchen, DJ and Goodenough, K and others},
  journal={Scientific Reports},
  volume={6},
  year={2016},
  publisher={Nature Publishing Group}
}
@article{christensen2013detection,
  title = {Detection-Loophole-Free Test of Quantum Nonlocality, and Applications},
  author = {Christensen, B. G. and McCusker, K. T. and Altepeter, J. B. and Calkins, B. and Gerrits, T. and Lita, A. E. and Miller, A. and Shalm, L. K. and Zhang, Y. and Nam, S. W. and Brunner, N. and Lim, C. C. W. and Gisin, N. and Kwiat, P. G.},
  journal = {Phys. Rev. Lett.},
  volume = {111},
  issue = {13},
  pages = {130406},
  numpages = {5},
  year = {2013},
  month = {Sep},
  publisher = {American Physical Society},
  doi = {10.1103/PhysRevLett.111.130406},
  url = {https://link.aps.org/doi/10.1103/PhysRevLett.111.130406}
}
@article{hensen2015loophole,
  title={Loophole-free Bell inequality violation using electron spins separated by 1.3 kilometres},
  author={Hensen, Bas and Bernien, H and Dr{\'e}au, AE and Reiserer, A and Kalb, N and Blok, MS and Ruitenberg, J and Vermeulen, RFL and Schouten, RN and Abell{\'a}n, C and others},
  journal={Nature},
  volume={526},
  number={7575},
  pages={682--686},
  year={2015},
  publisher={Nature Publishing Group}
}

@article{simon2003robust,
  title = {Robust Long-Distance Entanglement and a Loophole-Free Bell Test with Ions and Photons},
  author = {Simon, Christoph and Irvine, William T. M.},
  journal = {Phys. Rev. Lett.},
  volume = {91},
  issue = {11},
  pages = {110405},
  numpages = {4},
  year = {2003},
  month = {Sep},
  publisher = {American Physical Society},
  doi = {10.1103/PhysRevLett.91.110405},
  url = {https://link.aps.org/doi/10.1103/PhysRevLett.91.110405}
}

@inproceedings{ambainis2013worst,
  title={Worst case analysis of non-local games},
  author={Ambainis, Andris and Ba{\v{c}}kurs, Art{\=u}rs and Balodis, Kaspars and {\v{S}}ku{\v{s}}kovniks, Agnis and Smotrovs, Juris and Virza, Madars},
  booktitle={International Conference on Current Trends in Theory and Practice of Computer Science},
  pages={121--132},
  year={2013},
  organization={Springer}
}

@article{pawlowski2009monogamy,
  title = {Monogamy of Bell's Inequality Violations in Nonsignaling Theories},
  author = {Paw\l{}owski, Marcin and Brukner, \ifmmode \check{C}\else \v{C}\fi{}aslav},
  journal = {Phys. Rev. Lett.},
  volume = {102},
  issue = {3},
  pages = {030403},
  numpages = {4},
  year = {2009},
  month = {Jan},
  publisher = {American Physical Society},
  doi = {10.1103/PhysRevLett.102.030403},
  url = {https://link.aps.org/doi/10.1103/PhysRevLett.102.030403}
}
@article{PhysRevLett.106.180402,
  title = {Correlation Complementarity Yields Bell Monogamy Relations},
  author = {Kurzy\ifmmode \acute{n}\else \'{n}\fi{}ski, P. and Paterek, T. and Ramanathan, R. and Laskowski, W. and Kaszlikowski, D.},
  journal = {Physical Review Letters},
  volume = {106},
  issue = {18},
  pages = {180402},
  numpages = {4},
  year = {2011},
  month = {May},
  publisher = {American Physical Society},
  doi = {10.1103/PhysRevLett.106.180402},
  url = {http://link.aps.org/doi/10.1103/PhysRevLett.106.180402}
}
@inproceedings{toner2009monogamy,
  author = {Toner, Ben},
	title = {Monogamy of non-local quantum correlations},
	volume = {465},
	number = {2101},
	pages = {59--69},
	year = {2009},
	doi = {10.1098/rspa.2008.0149},
	publisher = {The Royal Society},
	issn = {1364-5021},
	URL = {http://rspa.royalsocietypublishing.org/content/465/2101/59},
	eprint = {http://rspa.royalsocietypublishing.org/content/465/2101/59.full.pdf},
	journal = {Proceedings of the Royal Society of London A: Mathematical, Physical and Engineering Sciences}
}

@inproceedings{christandl2005uncertainty,
  title={Uncertainty, monogamy and locking of quantum correlations},
  author={Christandl, Matthias and Winter, Andreas},
  booktitle={Proceedings. International Symposium on Information Theory, 2005. ISIT 2005.},
  pages={879--883},
  year={2005},
  organization={IEEE}
}
@article{ramanathan2012generalized,
  title = {Generalized Monogamy of Contextual Inequalities from the No-Disturbance Principle},
  author = {Ramanathan, Ravishankar and Soeda, Akihito and Kurzy\ifmmode \acute{n}\else \'{n}\fi{}ski, Pawe\l{} and Kaszlikowski, Dagomir},
  journal = {Phys. Rev. Lett.},
  volume = {109},
  issue = {5},
  pages = {050404},
  numpages = {5},
  year = {2012},
  month = {Aug},
  publisher = {American Physical Society},
  doi = {10.1103/PhysRevLett.109.050404},
  url = {https://link.aps.org/doi/10.1103/PhysRevLett.109.050404}
}
@article{bai2014general,
 title = {General Monogamy Relation for the Entanglement of Formation in Multiqubit Systems},
  author = {Bai, Yan-Kui and Xu, Yuan-Fei and Wang, Z. D.},
  journal = {Phys. Rev. Lett.},
  volume = {113},
  issue = {10},
  pages = {100503},
  numpages = {5},
  year = {2014},
  month = {Sep},
  publisher = {American Physical Society},
  doi = {10.1103/PhysRevLett.113.100503},
  url = {https://link.aps.org/doi/10.1103/PhysRevLett.113.100503}
}

@article{san2009entanglement,
  title = {Entanglement monogamy of multipartite higher-dimensional quantum systems using convex-roof extended negativity},
  author = {Kim, Jeong San and Das, Anirban and Sanders, Barry C.},
  journal = {Phys. Rev. A},
  volume = {79},
  issue = {1},
  pages = {012329},
  numpages = {7},
  year = {2009},
  month = {Jan},
  publisher = {American Physical Society},
  doi = {10.1103/PhysRevA.79.012329},
  url = {https://link.aps.org/doi/10.1103/PhysRevA.79.012329}
}
@article{coffman2000distributed,
  title = {Distributed entanglement},
  author = {Coffman, Valerie and Kundu, Joydip and Wootters, William K.},
  journal = {Phys. Rev. A},
  volume = {61},
  issue = {5},
  pages = {052306},
  numpages = {5},
  year = {2000},
  month = {Apr},
  publisher = {American Physical Society},
  doi = {10.1103/PhysRevA.61.052306},
  url = {https://link.aps.org/doi/10.1103/PhysRevA.61.052306}
}
@article{osborne2006general,
  title = {General Monogamy Inequality for Bipartite Qubit Entanglement},
  author = {Osborne, Tobias J. and Verstraete, Frank},
  journal = {Phys. Rev. Lett.},
  volume = {96},
  issue = {22},
  pages = {220503},
  numpages = {4},
  year = {2006},
  month = {Jun},
  publisher = {American Physical Society},
  doi = {10.1103/PhysRevLett.96.220503},
  url = {https://link.aps.org/doi/10.1103/PhysRevLett.96.220503}
}

@article{koashi2004monogamy,
  title = {Monogamy of quantum entanglement and other correlations},
  author = {Koashi, Masato and Winter, Andreas},
  journal = {Phys. Rev. A},
  volume = {69},
  issue = {2},
  pages = {022309},
  numpages = {6},
  year = {2004},
  month = {Feb},
  publisher = {American Physical Society},
  doi = {10.1103/PhysRevA.69.022309},
  url = {https://link.aps.org/doi/10.1103/PhysRevA.69.022309}
}
@article{hiroshima2007monogamy,
  title = {Monogamy Inequality for Distributed Gaussian Entanglement},
  author = {Hiroshima, Tohya and Adesso, Gerardo and Illuminati, Fabrizio},
  journal = {Phys. Rev. Lett.},
  volume = {98},
  issue = {5},
  pages = {050503},
  numpages = {4},
  year = {2007},
  month = {Feb},
  publisher = {American Physical Society},
  doi = {10.1103/PhysRevLett.98.050503},
  url = {https://link.aps.org/doi/10.1103/PhysRevLett.98.050503}
}

@article{brukner2004bell,
  title = {Bell's Inequalities and Quantum Communication Complexity},
  author = {Brukner, \ifmmode \check{C}\else \v{C}\fi{}aslav and \ifmmode \dot{Z}\else \.{Z}\fi{}ukowski, Marek and Pan, Jian-Wei and Zeilinger, Anton},
  journal = {Phys. Rev. Lett.},
  volume = {92},
  issue = {12},
  pages = {127901},
  numpages = {4},
  year = {2004},
  month = {Mar},
  publisher = {American Physical Society},
  doi = {10.1103/PhysRevLett.92.127901},
  url = {https://link.aps.org/doi/10.1103/PhysRevLett.92.127901}
}

@inproceedings{becker1998communication,
  title={Communication complexity of group key distribution},
  author={Becker, Klaus and Wille, Uta},
  booktitle={Proceedings of the 5th ACM conference on Computer and communications security},
  pages={1--6},
  year={1998},
  organization={ACM}
}
@article{guedes2011quantum,
  title={Quantum Communication Complexity of Quantum Authentication Protocols},
  author={Guedes, Ello{\'a} B and de Assis, Francisco Marcos},
  journal={arXiv preprint arXiv:1105.5370},
  year={2011}
}
@inproceedings{micciancio2004optimal,
  title={Optimal communication complexity of generic multicast key distribution},
  author={Micciancio, Daniele and Panjwani, Saurabh},
  booktitle={International Conference on the Theory and Applications of Cryptographic Techniques},
  pages={153--170},
  year={2004},
  organization={Springer}
}
